<record><leader>00000cas a22000007i 4500</leader><controlfield tag="001">30754522</controlfield><controlfield tag="008">940713d188u189uctuqr ne      0    0eng d</controlfield><datafield ind1=" " ind2=" " tag="010"><subfield code="a">sn 94053160 </subfield></datafield><datafield ind1=" " ind2=" " tag="040"><subfield code="a">CNW</subfield><subfield code="b">eng</subfield><subfield code="e">rda</subfield><subfield code="c">CNW</subfield><subfield code="d">OCLCQ</subfield><subfield code="d">CZL</subfield><subfield code="d">OCLCF</subfield></datafield><datafield ind1="1" ind2=" " tag="029"><subfield code="a">AU@</subfield><subfield code="b">000025873578</subfield></datafield><datafield ind1=" " ind2=" " tag="042"><subfield code="a">msc</subfield></datafield><datafield ind1=" " ind2=" " tag="043"><subfield code="a">n-us-ct</subfield></datafield><datafield ind1="1" ind2="4" tag="050"><subfield code="a">AN104.N2</subfield><subfield code="b">P37</subfield></datafield><datafield ind1="0" ind2=" " tag="130"><subfield code="a">Parish bulletin (Naugatuck, Conn.)</subfield></datafield><datafield ind1="1" ind2="4" tag="245"><subfield code="a">The parish bulletin.</subfield></datafield><datafield ind1=" " ind2="1" tag="264"><subfield code="a">Naugatuck, Conn. :</subfield><subfield code="b">Parish House Association</subfield></datafield><datafield ind1=" " ind2=" " tag="300"><subfield code="a">volume ;</subfield><subfield code="c">38 cm</subfield></datafield><datafield ind1=" " ind2=" " tag="310"><subfield code="a">Monthly</subfield><subfield code="b">&lt;1888:May-June/July&gt;</subfield></datafield><datafield ind1=" " ind2=" " tag="321"><subfield code="a">Quarterly</subfield></datafield><datafield ind1=" " ind2=" " tag="336"><subfield code="a">text</subfield><subfield code="b">txt</subfield><subfield code="2">rdacontent</subfield></datafield><datafield ind1=" " ind2=" " tag="337"><subfield code="a">unmediated</subfield><subfield code="b">n</subfield><subfield code="2">rdamedia</subfield></datafield><datafield ind1=" " ind2=" " tag="338"><subfield code="a">volume</subfield><subfield code="b">nc</subfield><subfield code="2">rdacarrier</subfield></datafield><datafield ind1=" " ind2=" " tag="500"><subfield code="a">"Devoted to the interests of the Congregational Church in Naugatuck and of the community in general."</subfield></datafield><datafield ind1=" " ind2=" " tag="515"><subfield code="a">Suspended for 9 months prior to issue for Nov. 1890.</subfield></datafield><datafield ind1=" " ind2=" " tag="588"><subfield code="a">Description based on: Vol. 4, no. 3 (Nov. 1890).</subfield></datafield><datafield ind1="2" ind2="0" tag="610"><subfield code="a">Congregational Church of Naugatuck (Naugatuck, Conn.)</subfield></datafield><datafield ind1=" " ind2="0" tag="650"><subfield code="a">Congregational churches</subfield><subfield code="z">Connecticut</subfield><subfield code="z">Naugatuck.</subfield></datafield><datafield ind1=" " ind2="0" tag="651"><subfield code="a">Naugatuck (Conn.)</subfield><subfield code="x">Church history.</subfield></datafield><datafield ind1=" " ind2="0" tag="651"><subfield code="a">Naugatuck (Conn.)</subfield><subfield code="v">Newspapers.</subfield></datafield><datafield ind1=" " ind2="7" tag="655"><subfield code="a">Church history.</subfield><subfield code="2">fast</subfield><subfield code="0">(OCoLC)fst01411629</subfield></datafield><datafield ind1=" " ind2="7" tag="655"><subfield code="a">Newspapers.</subfield><subfield code="2">fast</subfield><subfield code="0">(OCoLC)fst01423814</subfield></datafield><datafield ind1="2" ind2="7" tag="610"><subfield code="a">Congregational Church of Naugatuck (Naugatuck, Conn.)</subfield><subfield code="2">fast</subfield><subfield code="0">(OCoLC)fst00641192</subfield></datafield><datafield ind1=" " ind2="7" tag="650"><subfield code="a">Congregational churches.</subfield><subfield code="2">fast</subfield><subfield code="0">(OCoLC)fst00875181</subfield></datafield><datafield ind1=" " ind2="7" tag="651"><subfield code="a">Connecticut</subfield><subfield code="z">Naugatuck.</subfield><subfield code="2">fast</subfield><subfield code="0">(OCoLC)fst01228850</subfield></datafield><datafield ind1=" " ind2=" " tag="752"><subfield code="a">United States</subfield><subfield code="b">Connecticut</subfield><subfield code="c">New Haven</subfield><subfield code="d">Naugatuck.</subfield></datafield></record>